<record><leader>00000cas a2200000 a 4500</leader><controlfield tag="001">9654004</controlfield><controlfield tag="007">hd afu---baca</controlfield><controlfield tag="008">830629c19329999iludr n a     0   a0eng d</controlfield><datafield ind1=" " ind2=" " tag="010"><subfield code="a">cn 85311696 </subfield></datafield><datafield ind1=" " ind2=" " tag="040"><subfield code="a">NDD</subfield><subfield code="b">eng</subfield><subfield code="c">NDD</subfield><subfield code="d">NLC</subfield><subfield code="d">AIP</subfield><subfield code="d">NLC</subfield><subfield code="d">CRL</subfield><subfield code="d">B2Q</subfield><subfield code="d">OCLCQ</subfield></datafield><datafield ind1="0" ind2=" " tag="022"><subfield code="a">0828-1785</subfield><subfield code="l">0828-1785</subfield><subfield code="2">4</subfield></datafield><datafield ind1=" " ind2=" " tag="042"><subfield code="a">isds/c</subfield></datafield><datafield ind1=" " ind2=" " tag="043"><subfield code="a">n-cn-mb</subfield></datafield><datafield ind1=" " ind2="4" tag="050"><subfield code="a">AN5</subfield><subfield code="b">.W55x</subfield></datafield><datafield ind1="0" ind2=" " tag="210"><subfield code="a">Winn. free press</subfield></datafield><datafield ind1=" " ind2="0" tag="222"><subfield code="a">Winnipeg free press</subfield></datafield><datafield ind1="0" ind2="0" tag="245"><subfield code="a">Winnipeg free press</subfield><subfield code="h">[microform].</subfield></datafield><datafield ind1="1" ind2=" " tag="246"><subfield code="i">Saturday issues for Sept. 4, 1982-Feb. 9, 1985 have title:</subfield><subfield code="a">Free press weekend</subfield></datafield><datafield ind1="1" ind2=" " tag="246"><subfield code="i">Saturday issues for Feb. 16, 1985- have title:</subfield><subfield code="a">Saturday free press</subfield></datafield><datafield ind1="1" ind2=" " tag="246"><subfield code="i">Sunday issues for Feb. 17, 1985-Feb. 22, 1998 have title:</subfield><subfield code="a">Sunday free press</subfield></datafield><datafield ind1="1" ind2=" " tag="246"><subfield code="i">Sunday issues for Mar. 1, 1998- have title:</subfield><subfield code="a">Winnipeg free press Sunday</subfield></datafield><datafield ind1=" " ind2=" " tag="260"><subfield code="a">Winnipeg :</subfield><subfield code="b">Winnipeg Free Press Co.</subfield></datafield><datafield ind1=" " ind2=" " tag="300"><subfield code="a">v. :</subfield><subfield code="b">ill. ;</subfield><subfield code="c">61 cm.</subfield></datafield><datafield ind1=" " ind2=" " tag="310"><subfield code="a">Daily,</subfield><subfield code="b">Feb. 17, 1985-</subfield></datafield><datafield ind1=" " ind2=" " tag="321"><subfield code="a">Daily (except Sun.),</subfield><subfield code="b">&lt;June 1, 1937&gt;-Feb. 16, 1985</subfield></datafield><datafield ind1="1" ind2=" " tag="362"><subfield code="a">Began in Jan. 1932.</subfield><subfield code="z">Cf. Newspapers in microform: foreign countries, 1973-1977.</subfield></datafield><datafield ind1=" " ind2=" " tag="588"><subfield code="a">Description based on: Vol. 63, no. 283 (June 1, 1937).</subfield></datafield><datafield ind1=" " ind2=" " tag="588"><subfield code="a">Latest issue consulted: Jan. 10, 1999.</subfield></datafield><datafield ind1=" " ind2=" " tag="533"><subfield code="a">Microfilm.</subfield><subfield code="b">[Chicago, Ill.] :</subfield><subfield code="c">Library Dept. of Photographic Reproduction, University of Chicago ;</subfield><subfield code="b">[Calgary, Albe. :</subfield><subfield code="c">distributed by Commonwealth Microfilm Products].</subfield><subfield code="e">microfilm reels ; 35 mm.</subfield></datafield><datafield ind1=" " ind2="0" tag="651"><subfield code="a">Winnipeg (Man.)</subfield><subfield code="v">Newspapers.</subfield></datafield><datafield ind1=" " ind2="6" tag="650"><subfield code="a">Journaux canadiens-anglais</subfield><subfield code="z">Manitoba</subfield><subfield code="z">Winnipeg.</subfield></datafield><datafield ind1=" " ind2=" " tag="752"><subfield code="a">Canada</subfield><subfield code="b">Manitoba</subfield><subfield code="d">Winnipeg.</subfield></datafield><datafield ind1="1" ind2=" " tag="776"><subfield code="c">Original</subfield><subfield code="w">(CaOONL)85311632</subfield><subfield code="w">(OCoLC)1607085</subfield></datafield><datafield ind1="0" ind2="0" tag="780"><subfield code="t">Manitoba free press.</subfield><subfield code="x">0828-1785</subfield><subfield code="w">(OCoLC)7881137</subfield></datafield><datafield ind1="1" ind2=" " tag="029"><subfield code="a">AU@</subfield><subfield code="b">000025718404</subfield></datafield></record>